<?xml version="1.0" encoding="UTF-8"?><collection xmlns="http://www.loc.gov/MARC21/slim"><record><leader>00373nam--2200133-i-4500</leader><controlfield tag="001">000031263</controlfield><controlfield tag="002">20161230</controlfield><controlfield tag="005">20161230201038</controlfield><controlfield tag="008">060222s1000------------r-----000-0-eng-d</controlfield><datafield ind1=" " ind2=" " tag="080"><subfield code="a">530.145.6:512.54</subfield></datafield><datafield ind1=" " ind2=" " tag="100"><subfield code="a">Mackeym, George W</subfield></datafield><datafield ind1=" " ind2=" " tag="245"><subfield code="a">Induced representations of groups and quantum mechanics</subfield></datafield><datafield ind1=" " ind2=" " tag="260"><subfield code="a">New York, W.A.Benjamin, Inc. 1968. Viii + 167p</subfield></datafield><datafield ind1=" " ind2=" " tag="852"><subfield code="a">32725</subfield></datafield></record></collection>